@article{Plankton2003,
    author = {Sheldon J. Plankton},
    title = {How not to Steal the Secret Recipe for Crabby Patties},
    journal = {Communications of Bikini Bottom},
    volume = {2},
    pages = {117 -- 186},
    year = {2003}
},
@article{Plankton2011,
    author = {Sheldon J. Plankton},
    title = {Building Nuclear Weapons at Home - A Consise Overview},
    journal = {Journal of Nuclear Weaponry},
    volume = {5},
    pages = {59 -- 91},
    year = {2011}
} 
