
@booklet{Gil:02,
	Address = {Haifaaaa, Israel},
	Author = {Joseph (Yossib) Gil},
	Date-Modified = {2014-12-31 10:31:17 +0000},
	Howpublished = {manuscript},
	Title = {{\LaTeXe} for Graduate Students me},
	Year = {2002}}
